1CClientBankExchange
ВерсияФормата=1.02
Кодировка=Windows
ДатаНачала=19.01.2015
ДатаКонца=19.01.2015
РасчСчет=40702810307000011111
СекцияРасчСчет
ДатаНачала=19.01.2015
ДатаКонца=19.01.2015
РасчСчет=40702810307000011111
НачальныйОстаток=170809.45
ВсегоПоступило=24000.00
ВсегоСписано=1026.00
КонечныйОстаток=193783.45
КонецРасчСчет
СекцияДокумент=Банковский ордер
Номер=54223654
Дата=19.01.2015
Сумма=26.00
ПлательщикСчет=40702810307000011111
ПлательщикИНН=7810011111
Плательщик=7810011111 ООО "РОГАИКАПЫТА"
Плательщик1=ООО "РОГАИКАПЫТА"
ПлательщикБИК=044011111
ПлательщикКорсчет=30101810700000111111
ПлательщикБанк1=ФИЛИАЛ ОАО "БАНК"
ПлательщикРасчСчет=40702810307000011111
ПлательщикКПП=784101001
ПолучательСчет=70601810307122122222
ДатаСписано=19.01.2015
Получатель=Комиссия за платеж предоставленный в банк по системе удаленного доступа
Получатель1=Комиссия за платеж предоставленный в банк по системе удаленного доступа
ПолучательИНН=7731022222
ПолучательРасчСчет=70601810307122122222
ПолучательБанк1=ФИЛИАЛ ОАО "БАНК"
ПолучательБИК=044011111
ПолучательКорсчет=30101810700000111111
ПолучательКПП=781043001
ВидПлатежа=
ВидОплаты=17
СрокПлатежа=19.01.2015
Очередность=5
СтатусСоставителя=
ПоказательКБК=
ОКАТО=
ПоказательОснования=
ПоказательПериода=
ПоказательНомера=
ПоказательДаты=..
ПоказательТипа=
Код=
НазначениеПлатежа=Комиссия за расчетно-кассовое обслуживание по документу №'9' от '19/01/2015'. Сумма, с которой взимается комиссия: (Без НДС)
КонецДокумента
СекцияДокумент=Платежное поручение
Номер=9
Дата=19.01.2015
Сумма=1000.00
ПлательщикСчет=40702810307000011111
ПлательщикИНН=7810011111
Плательщик=7810011111 ООО "РОГАИКАПЫТА"
Плательщик1=ООО "РОГАИКАПЫТА"
ПлательщикБИК=044011111
ПлательщикКорсчет=30101810700000111111
ПлательщикБанк1=ФИЛИАЛ ОАО "БАНК"
ПлательщикРасчСчет=40702810307000011111
ПлательщикКПП=784101001
ПолучательСчет=40702810500014433333
ДатаСписано=19.01.2015
Получатель=ЗАО "Регистратор"
Получатель1=ЗАО "Регистратор"
ПолучательИНН=7728533333
ПолучательРасчСчет=40702810500014433333
ПолучательБанк1=ЗАО КРЕДИТ БАНК
ПолучательБИК=044523333
ПолучательКорсчет=30101810300000000333
ПолучательКПП=772833333
ВидПлатежа=
ВидОплаты=01
СрокПлатежа=19.01.2015
Очередность=5
СтатусСоставителя=
ПоказательКБК=
ОКАТО=
ПоказательОснования=
ПоказательПериода=
ПоказательНомера=
ПоказательДаты=..
ПоказательТипа=
Код=
НазначениеПлатежа=Оплата по договору UD/02/60793 по счету 270819 от 19.01.2015 в т.ч. НДС 18% - 152.54
КонецДокумента
СекцияДокумент=Платежное поручение
Номер=66
Дата=19.01.2015
Сумма=9000.00
ПлательщикСчет=40702810300770044444
ПлательщикИНН=7801444444
Плательщик=7801444444 ООО "ИКС"
Плательщик1=ООО "ИКС"
ПлательщикБИК=044044444
ПлательщикКорсчет=30101810600000000444
ПлательщикБанк1=КБ "БАНК" (ЗАО)
ПлательщикРасчСчет=40702810300770044444
ПлательщикКПП=
ПолучательСчет=40702810307000011111
ДатаПоступило=19.01.2015
Получатель=ООО "РОГАИКАПЫТА"
Получатель1=ООО "РОГАИКАПЫТА"
ПолучательИНН=7810011111
ПолучательРасчСчет=40702810307000011111
ПолучательБанк1=ФИЛИАЛ ОАО "БАНК"
ПолучательБИК=044011111
ПолучательКорсчет=30101810700000111111
ПолучательКПП=784101001
ВидПлатежа=
ВидОплаты=01
СрокПлатежа=19.01.2015
Очередность=5
СтатусСоставителя=
ПоказательКБК=
ОКАТО=
ПоказательОснования=
ПоказательПериода=
ПоказательНомера=
ПоказательДаты=..
ПоказательТипа=
Код=
НазначениеПлатежа=Оплата за поддержку сайта по сч. 22 от 14.01.2015Сумма 9000-00 В т.ч. НДС(18%) 1372-88
КонецДокумента
СекцияДокумент=Платежное поручение
Номер=15
Дата=19.01.2015
Сумма=15000.00
ПлательщикСчет=40702810532310055555
ПлательщикИНН=7811555555
Плательщик=7811555555 Общество с ограниченной ответственностью "Комплект"
Плательщик1=Общество с ограниченной ответственностью "Комплект"
ПлательщикБИК=044055555
ПлательщикКорсчет=30101810600000000555
ПлательщикБанк1=ОАО "ОМЕГА-БАНК"
ПлательщикРасчСчет=40702810532310055555
ПлательщикКПП=
ПолучательСчет=40702810307000011111
ДатаПоступило=19.01.2015
Получатель=ООО "РОГАИКАПЫТА"
Получатель1=ООО "РОГАИКАПЫТА"
ПолучательИНН=7810011111
ПолучательРасчСчет=40702810307000011111
ПолучательБанк1=ФИЛИАЛ ОАО "БАНК"
ПолучательБИК=044011111
ПолучательКорсчет=30101810700000111111
ПолучательКПП=784101001
ВидПлатежа=
ВидОплаты=01
СрокПлатежа=19.01.2015
Очередность=5
СтатусСоставителя=
ПоказательКБК=
ОКАТО=
ПоказательОснования=
ПоказательПериода=
ПоказательНомера=
ПоказательДаты=..
ПоказательТипа=
Код=
НазначениеПлатежа=Оплата по счету №6 от 12.01.2015 Сумма 15000-00 В т.ч. НДС (18%) 2288-14
КонецДокумента
КонецФайла
